<collection xmlns="http://www.loc.gov/MARC21/slim">
<record>
  <leader>02163nam0a2200409 i 450 </leader>
  <controlfield tag="001">IT\ICCU\CNCE\042093</controlfield>
  <controlfield tag="005">20100414000000.0</controlfield>
  <datafield tag="012" ind1=" " ind2=" ">
    <subfield code="a">roi- els- i-is e-n- (C) 1562 (A)</subfield>
    <subfield code="2">fei</subfield>
  </datafield>
  <datafield tag="100" ind1=" " ind2=" ">
    <subfield code="a">19981209d1562        0itac0103    ba</subfield>
  </datafield>
  <datafield tag="101" ind1=" " ind2=" ">
    <subfield code="a">LAT</subfield>
  </datafield>
  <datafield tag="102" ind1=" " ind2=" ">
    <subfield code="a">IT</subfield>
  </datafield>
  <datafield tag="200" ind1="1" ind2=" ">
    <subfield code="a">℗Sanctissimi in Christo patris et d.n.d. Pii diuina prouidentia papae IIII ℗Bulla reformationis officii sacrae poenitentiariae</subfield>
  </datafield>
  <datafield tag="210" ind1=" " ind2=" ">
    <subfield code="a">Ripae</subfield>
    <subfield code="c">ad istantiam Petri Antonii Alciatis</subfield>
    <subfield code="d">1562</subfield>
  </datafield>
  <datafield tag="215" ind1=" " ind2=" ">
    <subfield code="a">\4! c.</subfield>
    <subfield code="d">4ʻ</subfield>
  </datafield>
  <datafield tag="300" ind1=" " ind2=" ">
    <subfield code="a">Data di emanazione : Roma, 1562. - Il tipografo  ̈Giacobbe Marcaria, cfr.: ESTER, Editori e Tipografi di Trento e Rovereto, n. 8023</subfield>
  </datafield>
  <datafield tag="620" ind1=" " ind2=" ">
    <subfield code="a">IT</subfield>
    <subfield code="d">Riva</subfield>
  </datafield>
  <datafield tag="710" ind1="0" ind2="2">
    <subfield code="a">Santa Sede</subfield>
    <subfield code="b"> : Penitenzieria apostolica</subfield>
    <subfield code="3">IT\ICCU\CNCA\007382</subfield>
  </datafield>
  <datafield tag="702" ind1=" " ind2="0">
    <subfield code="a">Pius</subfield>
    <subfield code="c"> &lt;papa</subfield>
    <subfield code="c"> ; 4.&gt;</subfield>
    <subfield code="3">IT\ICCU\CNCA\002203</subfield>
  </datafield>
  <datafield tag="712" ind1="0" ind2="0">
    <subfield code="a">Alciati, Pietro Antonio</subfield>
    <subfield code="3">IT\ICCU\CNCT\000988</subfield>
    <subfield code="4">650</subfield>
  </datafield>
  <datafield tag="712" ind1="0" ind2="0">
    <subfield code="a">Marcaria, Giacobbe</subfield>
    <subfield code="3">IT\ICCU\CNCT\000010</subfield>
    <subfield code="4">650</subfield>
  </datafield>
  <datafield tag="791" ind1="0" ind2="2">
    <subfield code="a">Sacra Paenitentiaria Apostolica</subfield>
    <subfield code="3">24132</subfield>
    <subfield code="z">Santa Sede : Penitenzieria apostolica</subfield>
  </datafield>
  <datafield tag="790" ind1=" " ind2="1">
    <subfield code="a">Medici,</subfield>
    <subfield code="b">Giovanni Angelo</subfield>
    <subfield code="3">IT\ICCU\CNCA\014648</subfield>
    <subfield code="z">Pius &lt;papa ; 4.&gt;</subfield>
  </datafield>
  <datafield tag="791" ind1="0" ind2="0">
    <subfield code="a">Alciato, Pietro Antonio</subfield>
    <subfield code="3">IT\ICCU\CNCT\004225</subfield>
    <subfield code="z">Alciati, Pietro Antonio</subfield>
  </datafield>
  <datafield tag="791" ind1="0" ind2="0">
    <subfield code="a">Alciatis, Petrus Antonius</subfield>
    <subfield code="3">IT\ICCU\CNCT\004226</subfield>
    <subfield code="z">Alciati, Pietro Antonio</subfield>
  </datafield>
  <datafield tag="791" ind1="0" ind2="0">
    <subfield code="a">Alciatus, Petrus Antonius</subfield>
    <subfield code="3">IT\ICCU\CNCT\004227</subfield>
    <subfield code="z">Alciati, Pietro Antonio</subfield>
  </datafield>
  <datafield tag="791" ind1="0" ind2="2">
    <subfield code="a">Jaaqob b. David Marcaria</subfield>
    <subfield code="3">IT\ICCU\CNCT\005023</subfield>
    <subfield code="z">Marcaria, Giacobbe</subfield>
  </datafield>
  <datafield tag="801" ind1=" " ind2="3">
    <subfield code="a">IT</subfield>
    <subfield code="b">ICCU</subfield>
    <subfield code="c">20201114</subfield>
  </datafield>
  <datafield tag="899" ind1=" " ind2=" ">
    <subfield code="a">Biblioteca statale. Cremona</subfield>
    <subfield code="1">CR0062</subfield>
    <subfield code="2">LO1 28</subfield>
  </datafield>
  <datafield tag="899" ind1=" " ind2=" ">
    <subfield code="a">Biblioteca Apostolica Vaticana. Citt ̉del Vaticano</subfield>
    <subfield code="1">EX0001</subfield>
    <subfield code="2">ZCV 01</subfield>
  </datafield>
  <datafield tag="899" ind1=" " ind2=" ">
    <subfield code="a">Biblioteca Marucelliana. Firenze</subfield>
    <subfield code="1">FI0101</subfield>
    <subfield code="2">CFI MF</subfield>
  </datafield>
  <datafield tag="899" ind1=" " ind2=" ">
    <subfield code="a">Biblioteca civica Berio. Genova</subfield>
    <subfield code="1">GE0036</subfield>
    <subfield code="2">SGE BE</subfield>
  </datafield>
  <datafield tag="899" ind1=" " ind2=" ">
    <subfield code="a">Biblioteca Ambrosiana. Milano</subfield>
    <subfield code="1">MI0133</subfield>
    <subfield code="2">VBA 01</subfield>
  </datafield>
  <datafield tag="899" ind1=" " ind2=" ">
    <subfield code="a">Biblioteca francescano-cappuccina provinciale. Milano</subfield>
    <subfield code="1">MI0183</subfield>
    <subfield code="2">ZMI 51</subfield>
  </datafield>
  <datafield tag="899" ind1=" " ind2=" ">
    <subfield code="a">Biblioteca universitaria Alessandrina. Roma</subfield>
    <subfield code="1">RM0280</subfield>
    <subfield code="2">RML 01</subfield>
  </datafield>
  <datafield tag="899" ind1=" " ind2=" ">
    <subfield code="a">Biblioteca comunale. Trento</subfield>
    <subfield code="1">TN0121</subfield>
    <subfield code="2">ZTN 01</subfield>
  </datafield>
  <datafield tag="899" ind1=" " ind2=" ">
    <subfield code="a">Nuova biblioteca pubblica Luigi Fumi. Orvieto</subfield>
    <subfield code="1">TR0022</subfield>
    <subfield code="2">UM1 06</subfield>
  </datafield>
  <datafield tag="899" ind1=" " ind2=" ">
    <subfield code="a">Biblioteca nazionale Marciana. Venezia</subfield>
    <subfield code="1">VE0049</subfield>
    <subfield code="2">VEA BM</subfield>
  </datafield>
</record>
</collection>
